@article{zaslavskiy2009,
	title={Phrase-based statistical machine translation as a traveling salesman problem},
	author={Zaslavskiy, M. and Dymetman, M. and Cancedda, N.},
	journal={Proceedings of the Joint Conference of the 47th Annual Meeting of the ACL and the 4th International Joint Conference on Natural Language Processing of the AFNLP},
	volume={1},
	pages={333-341},
	year={2009},
	publisher={Association for Computational Linguistics}
}

@article{Helsgaun2006,
	title={An Effective Implementation of K-opt Moves for the Lin-Kernighan TSP Heuristic},
	author={Helsgaun, K.},
	journal={Datalogiske Skrifter (Writings on Computer Science)},
	volume={109},
	year={2006},
	publisher={Roskilde University}
}
