@article{och2003,
	title={Minimum error rate training in statistical machine translation},
	author={Och, F.J.},
	journal={Proceedings of the 41st Annual Meeting on Association for Computational Linguistics},
	volume={1},
	pages={160-167},
	year={2003},
	publisher={Association for Computational Linguistics}
}
